=============== Articles ===============================================================================================

@article{SM,
	journal = {See Supplementary Information}
}


@article{Abr57,
	volume = {5},
	number = {6},
	journal = {Sov. Phys. JETP},
	author = {Abrikosov, A. A.},
	year = {1957},
	pages = {1174}
}


@article{Ace05,
	volume = {77},
	journal = {Rev. Mod. Phys.},
	author = {Acebr\'on, J. A. and Bonilla, L. L. and P\'erez Vicente, C. J. and Ritort, F. and Spigler, R.},
	year = {2005},
	pages = {137},
	doi = {10.1103/RevModPhys.77.137},
	number = {1},
	title = {The {Kuramoto} model: A simple paradigm for synchronization phenomena}
}

@article{Aey04,
	volume = {112},
	journal = {Prog. Theor. Phys.},
	author = {Aeyels, D. and Rogge, J. A.},
	year = {2004},
	pages = {921},
	doi = {10.1143/PTP.112.921},
	number = {6}
}


@article{Ama07,
	title = {On the region of attraction of nonlinear quadratic systems},
	volume = {43},
	doi = {10.1016/j.automatica.2007.03.022},
	pages = {2119--2123},
	number = {12},
	journal = {Automatica},
	author = {Amato, F. and Cosentino, C. and Merola, A.},
	year = {2007}
}

@article{And66,
	title = {Considerations on the Flow of Superfluid Helium},
	author = {Anderson, P. W.},
	journal = {Rev. Mod. Phys.},
	volume = {38},
	number = {2},
	pages = {298--310},
	year = {1966},
	doi = {10.1103/RevModPhys.38.298},
}

@article{Ara81,
	author = {Araposthatis, A. and Sastry, S. and Varayia, P.},
	journal = {Int. J. Elect. Power Energy Syst.},
	volume = {3},
	number = {3},
	pages = {115},
	year = {1981},
	doi = {10.1016/0142-0615(81)90017-X}
}

@article{Are08,
	title={Synchronization in complex networks},
	author={Arenas, A. and D{\'\i}az-Guilera, A. and Kurths, J. and Moreno, Y. and Zhou, C.},
	journal={Phys. Rep.},
	volume={469},
	number={3},
	pages={93--153},
	year={2008},
	publisher={Elsevier}
}

@article{Bac13,
	author = {Backhaus, S. and Chertkov, M.},
	title = {Getting a grip on the ELECTRICAL GRID},
	journal = {Physics Today},
	volume = {66},
	issue={5},
	pages = {42-48},
	year = {2013},
	doi= {10.1063/PT.3.1979}
}

@article{Bai82,
	author = {Baillieul, J. and Byrnes, C. I.},
	journal = {IEEE Trans. Circuits Syst.},
	volume = {29},
	number = {11},
	pages = {724-737},
	year = {1982},
	doi = {10.1109/TCS.1982.1085093}
}


@article{Bal10,
	title = {Coupling-{Based} {Internal} {Clock} {Synchronization} for {Large}-{Scale} {Dynamic} {Distributed} {Systems}},
	volume = {21},
	doi = {10.1109/TPDS.2009.111},
	number = {5},
	journal = {IEEE Trans. Parallel Distrib. Syst.},
	author = {Baldoni, R. and Corsaro, A. and Querzoni, L. and Scipioni, S. and Tucci Piergiovanni, S.},
	year = {2010},
	pages = {607--619}
}


@article{Bam12,
	title = {Coherence in {Large}-{Scale} {Networks}: {Dimension}-{Dependent} {Limitations} of {Local} {Feedback}},
	volume = {57},
	doi = {10.1109/TAC.2012.2202052},
	number = {9},
	journal = {IEEE Trans. Autom. Control},
	author = {Bamieh, B. and Jovanovic, M. R. and Mitra, P. and Patterson, S.},
	year = {2012},
	pages = {2235--2249}
}

@article{Bam13,
	author = {Bamieh, B. and Gayme, D. F.},
	journal = {Proc. of the 2013 IEEE ACC},
	year = {2013},
	title = {The Price of Synchrony: Resistive Losses due to Phase Synchronization in Power Networks}
}

@article{Ber81,
	volume = {PAS-100},
	journal = {IEEE Trans. Power App. Syst.},
	author = {Bergen, A. R. and Hill, D. J.},
	year = {1981},
	pages = {25}
}

@article{Bla94,
	title = {Vortices in high-temperature superconductors},
	author = {Blatter, G. and Feigel'man, M. V. and Geshkenbein, V. B. and Larkin, A. I. and Vinokur, V. M.},
	journal = {Rev. Mod. Phys.},
	volume = {66},
	number = {4},
	pages = {1125--1388},
	year = {1994},
	doi = {10.1103/RevModPhys.66.1125}
}


@article{Bor03,
	title = {Synchronization in networks of excitatory and inhibitory neurons with sparse, random connectivity},
	volume = {15},
	doi = {10.1162/089976603321192059},
	number = {3},
	journal = {Neural Comput.},
	author = {B\"orgers, C. and Kopell, N.},
	year = {2003},
	pages = {509--538}
}

@article{Bro14,
	title = {Spectral {Theory} for {Dynamics} on {Graphs} {Containing} {Attractive} and {Repulsive} {Interactions}},
	volume = {74},
	doi = {10.1137/130913973},
	number = {1},
	journal = {SIAM J. Appl. Math.},
	author = {Bronski, J. C. and DeVille, L.},
	year = {2014},
	pages = {83--105}
}

@article{Bro18,
    title = {Scale-free networks are rare},
    journal = {arXiv preprint: 1801.03400},
    url = {www.arxiv.org/abs/1801.03400},
    author = {Broido, A. D. and Clauset, A.},
    year = {2018}
}

@article{Buc88,
	journal = {Q. Rev. Biol.},
	volume = {63},
	number = {3},
	pages = {265-289},
	author = {Buck, J.},
	year = {1988},
	doi = {10.1086/415929},
	title = {Synchronous Rhythmic Flashing of Fireflies. {II}.}
}


@article{Buk13,
	author={Bukhsh, W. A. and Grothey, A. and McKinnon, K. I. M. and Trodden, P. A.},
	journal={IEEE Trans. Power Syst.},
	title={Local Solutions of the Optimal Power Flow Problem},
	year={2013},
	volume={28},
	number={4},
	pages={4780-4788},
	doi={10.1109/TPWRS.2013.2274577}
}


@article{Bye61,
	volume = {7},
	number = {2},
	journal = {Phys. Rev. Lett.},
	author = {Byers, N. and Yang, C. N.},
	year = {1961},
	pages = {46},
	doi = {10.1103/PhysRevLett.7.46}
}

@article{Car60,
	title = {Balthazar van der {Pol}},
	volume = {1},
	doi = {10.1112/jlms/s1-35.3.367},
	number = {3},
	journal = {J. Lond. Math. Soc.},
	author = {Cartwbight, M. L.},
	year = {1960},
	pages = {367--376}
}

@article{Cas98,
	volume = {212},
	journal = {Electr. World},
	author = {Casazza, J.},
	year = {1998},
	pages = {62}
}


@article{Che07,
	title = {Excessive synchronization of basal ganglia neurons at 20 {Hz} slows movement in {Parkinson}'s disease},
	volume = {205},
	doi = {10.1016/j.expneurol.2007.01.027},
	number = {1},
	journal = {Exp. Neurol.},
	author = {Chen, C. C. and Litvak, V. and Gilbertson, T. and K\"uhn, A. and Lu, C. S. and Lee, S. T. and Tsai, C. H. and Tisch, S. and Limousin, P. and Hariz, M. and Brown, P.},
	year = {2007},
	pages = {214--221}
}

@article{Che16,
	url = {http://arxiv.org/abs/1603.05905},
	journal = {arXiv:1603.05905},
	author = {Chen, T. and Mehta, D. and Niemerg, M.},
	year = {2016},
}


@article{Chi89,
	title = {Stability regions of nonlinear dynamical systems: A constructive methodology},
	volume = {34},
	doi = {10.1109/9.40768},
	pages = {1229--1241},
	number = {12},
	journal = {{IEEE} Trans. Autom. Control},
	author = {Chiang, H.-D. and Thorp, James S.},
	year = {1989}
}

@article{Cho09,
	author={Chopra, N. and Spong, M. W.},
	journal={{IEEE} Trans. Autom. Control},
	title={On Exponential Synchronization of Kuramoto Oscillators},
	year={2009},
	volume={54},
	pages={353-357},
	doi={10.1109/TAC.2008.2007884},
	number = {2}
}


@article{Cla09,
	title = {Power-{Law} {Distributions} in {Empirical} {Data}},
	volume = {51},
	doi = {10.1137/070710111},
	number = {4},
	journal = {SIAM Review},
	author = {Clauset, A. and Shalizi, C. R. and Newman, M. E. J.},
	year = {2009},
	pages = {661--703}
}

@article{Col16a,
	title = {Linear stability and the Braess paradox in coupled-oscillator networks and electric power grids},
	volume = {93},
	issn = {2470-0045, 2470-0053},
	url = {http://link.aps.org/doi/10.1103/PhysRevE.93.032222},
	doi = {10.1103/PhysRevE.93.032222},
	number = {3},
	journal = {Phys. Rev. E},
	author = {Coletta, Tommaso and Jacquod, Philippe},
	year = {2016}
}


@article{Col16b,
	title = {Topologically protected loop flows in high voltage {AC} power grids},
	volume = {18},
	issn = {1367-2630},
	url = {http://stacks.iop.org/1367-2630/18/i=10/a=103042?key=crossref.f777815a7ad19cbe917977c275861a07},
	doi = {10.1088/1367-2630/18/10/103042},
	pages = {103042},
	number = {10},
	journal = {New J. Phys.},
	author = {Coletta, T and Delabays, R and Adagideli, I and Jacquod, Ph},
	year = {2016}
}

@article{Col17a,
	title = {Finite-size scaling in the Kuramoto model},
	volume = {95},
	issn = {2470-0045, 2470-0053},
	url = {http://link.aps.org/doi/10.1103/PhysRevE.95.042207},
	doi = {10.1103/PhysRevE.95.042207},
	number = {4},
	journal = {Phys. Rev. E},
	author = {Coletta, Tommaso and Delabays, Robin and Jacquod, Philippe},
	year = {2017}
}

@article{Col17b,
	title = {Global phase and magnitude synchronization of coupled oscillators with application to the control of grid-forming power inverters},
	author = {Colombino, M. and Gross, D. and Brouillon, J.-S. and D\"orfler, F},
	journal = {{arXiv}:1710.00694},
	year = {2017}
}


@article{Cot12,
	title = {Comparing the topological and electrical structure of the {North} {American} electric power infrastructure},
	volume = {6},
	url = {http://ieeexplore.ieee.org/xpls/abs_all.jsp?arnumber=6153088},
	number = {4},
	journal = {Systems Journal, IEEE},
	author = {Cotilla-Sanchez, E. and Hines, P. D. H. and Barrows, C. and Blumsack, S.},
	year = {2012},
	pages = {616--626},
}


@article{Del16,
	volume = {57},
	journal = {J. Math. Phys.},
	author = {Delabays, R. and Coletta, T. and Jacquod, Ph.},
	year = {2016},
	pages = {032701},
	doi = {10.1063/1.4943296},
	number = {3},
	title = {Multistability of phase-locking and topological winding numbers in locally coupled {Kuramoto} models on single-loop networks}
}

@article{Del17a,
	volume = {58},
	journal = {J. Math. Phys.},
	author = {Delabays, R. and Coletta, T. and Jacquod, Ph.},
	year = {2017},
	pages = {032703},
	doi = {10.1063/1.4978697},
	number = {3}
}

@article{Del17b,
	volume = {27},
	journal = {Chaos},
	author = {Delabays, R. and Tyloo, M. and Jacquod, Ph.},
	year = {2017},
	pages = {103109},
	doi = {10.1063/1.4986156},
	number = {10}
}

@article{Dev12,
	title = {Transitions amongst synchronous solutions in the stochastic Kuramoto model},
	volume = {25},
	issn = {0951-7715, 1361-6544},
	url = {http://stacks.iop.org/0951-7715/25/i=5/a=1473?key=crossref.0ab8bd0821e023f79075aac504022692},
	doi = {10.1088/0951-7715/25/5/1473},
	pages = {1473--1494},
	number = {5},
	journal = {Nonlinearity},
	author = {{DeVille}, Lee},
	year = {2012}
}


@article{Dho14,
	title = {Synchronization of {Nonlinear} {Circuits} in {Dynamic} {Electrical} {Networks} {With} {General} {Topologies}},
	volume = {61},
	doi = {10.1109/TCSI.2014.2332250},
	number = {9},
	journal = {{IEEE} Trans. Circuits Syst. I},
	author = {Dhople, S. V. and Johnson, B. B. and D\"orfler, F. and Hamadeh, A. O.},
	year = {2014},
	pages = {2677--2690}
}

@article{Do12,
	title = {Graphical {Notation} {Reveals} {Topological} {Stability} {Criteria} for {Collective} {Dynamics} in {Complex} {Networks}},
	volume = {108},
	number = {19},
	pages = {194102},
	journal = {Phys. Rev. Lett.},
	author = {Do, A.-L. and Boccaletti, S. and Gross, T.},
	year = {2012},
	doi = {10.1103/PhysRevLett.108.194102}
}

@article{Dor11,
	title = {On the critical coupling strength for Kuramoto oscillators},
	author = {D\"orfler, Florian and Bullo, Francesco},
	year = {2011},
	doi = {10.1109/ACC.2011.5991303},
	journal = {Proc. of the 2011 IEEE ACC}
}


@article{Dor12a,
	title = {Synchronization and {Transient} {Stability} in {Power} {Networks} and {Nonuniform} {Kuramoto} {Oscillators}},
	volume = {50},
	doi = {10.1137/110851584},
	journal = {SIAM J. Control Optim.},
	author = {D\"orfler, Florian and Bullo, Francesco},
	year = {2012},
	pages = {1616--1642},
	number = {3}
}

@article{Dor12b,
	author = {D\"orfler, F. and Bullo, F.},
	journal = {Proc. of the 51\textsuperscript{st} IEEE CDC}, 
	title={Exploring synchronization in complex oscillator networks},
	year={2012},
	doi={10.1109/CDC.2012.6425823}
}


@article{Dor13,
	title = {Synchronization in complex oscillator networks and smart grids},
	volume = {110},
	number = {6},
	journal = {Proc. Natl. Acad. Sci.},
	author = {D\"orfler, F. and Chertkov, M. and Bullo, F.},
	year = {2013},
	pages = {2005--2010},
	doi = {10.1073/pnas.1212134110}
}


@article{Dor14,
	volume = {50},
	journal = {Automatica},
	author = {D\"orfler, F. and Bullo, F.},
	year = {2014},
	pages = {1539--1564},
	doi = {10.1016/j.automatica.2014.04.012},
	number = {6},
	title = {Synchronization in complex networks of phase oscillators: A survey}
}

@article{Erm85,
	volume = {22},
	journal = {J. Math. Biol.},
	author = {Ermentrout, G. B.},
	year = {1985},
	pages = {55-74},
	number = {1},
	doi = {10.1007/BF00276558}, 
	title = {The behavior of rings of coupled oscillators}
}

@article{Erm91,
	journal = {J. Math. Biol.},
	volume = {29},
	number = {6},
	pages = {571-585},
	author = {Ermentrout, G. B.},
	year = {1991},
	doi = {10.1007/BF00164052},
	title = {An adaptive model for synchrony in the firefly \emph{Pteroptyx malaccae}}
}


@article{Faz01,
	title = {Quantum phase transitions and vortex dynamics in superconducting networks },
	journal = {Phys. Rep. },
	volume = {355},
	number = {4},
	pages = {235 - 334},
	year = {2001},
	author = {Fazio, R. and van der Zant, H.},
	doi = {10.1016/S0370-1573(01)00022-9}
}


@article{Fey55,
	volume = {1},
	number = {},
	journal = {Prog. Low Temp. Phys.},
	author = {Feynman, R. P.},
	year = {1955},
	pages = {17-53},
	doi = {10.1016/S0079-6417(08)60077-3}
}


@article{Fil08,
	title={Analysis of a power grid using a Kuramoto-like model},
	author={Filatrella, G. and Nielsen, A. H. and Pedersen, N. F.},
	journal={The European Physical Journal B},
	volume={61},
	number={4},
	pages={485--491},
	year={2008},
	publisher={Springer}
}

@article{Fox88,
  title = {Fast, accurate algorithm for numerical simulation of exponentially correlated colored noise},
  author = {Fox, Ronald F. and Gatland, Ian R. and Roy, Rajarshi and Vemuri, Gautam},
  journal = {Phys. Rev. A},
  volume = {38},
  issue = {11},
  pages = {5938--5940},
  numpages = {0},
  year = {1988},
  month = {Dec},
  publisher = {American Physical Society},
  doi = {10.1103/PhysRevA.38.5938},
  url = {https://link.aps.org/doi/10.1103/PhysRevA.38.5938}
}


@article{Gen85,
	title = {On the estimation of asymptotic stability regions: State of the art and new proposals},
	volume = {30},
	pages = {747--755},
	number = {8},
	journal = {{IEEE} Trans. Autom. Control},
	author = {Genesio, Roberto and Tartaglia, Michele and Vicino, Antonio},
	year = {1985},
	doi = {10.1109/TAC.1985.1104057}
}


@article{Gol18,
	title = {Collective mode reductions for populations of coupled noisy oscillators},
	journal = {arXiv:1808.07833},
	author = {Goldobin, D. S. and Tyulkina, I. V. and Klimenko, L. S. and Pikovsky, A.},
	year = {2018}
}

@article{Gre87,
	title = {Chaos, strange attractors, and fractal basin boundaries in nonlinear dynamics},
	pages = {632--638},
	journal = {Science},
	author = {Grebogi, Celso and Ott, Edward and Yorke, James A.},
	year = {1987},
	volume = {238},
	number = {4827},
	doi = {10.1126/science.238.4827.632}
}


@article{Gri99,
	title = {The {IEEE} {Reliability} {Test} {System}-1996. {A} report prepared by the {Reliability} {Test} {System} {Task} {Force} of the {Application} of {Probability} {Methods} {Subcommittee}},
	volume = {14},
	doi = {10.1109/59.780914},
	number = {3},
	journal = {IEEE Trans. Power Syst.},
	author = {Grigg, C. and Wong, P. and Albrecht, P. and Allan, R. and Bhavaraju, M. and Billinton, R. and Chen, Q. and Fong, C. and Haddad, S. and Kuruganty, S. and Li, W. and Mukerji, R. and Patton, D. and Rau, N. and Reppen, D. and Schneider, A. and Shahidehpour, M. and Singh, C.},
	year = {1999},
	pages = {1010--1020}
}


@article{Grz16,
	title = {On synchronization in power-grids modelled as networks of second-order {Kuramoto} oscillators},
	volume = {26},
	doi = {10.1063/1.4967850},
	number = {11},
	journal = {Chaos},
	author = {Grzybowski, J. M. V. and Macau, E. E. N. and Yoneyama, T.},
	year = {2016},
	pages = {113113}
}

@article{Gus15,
	title = {Synchronization of Heterogeneous Kuramoto Oscillators with Graphs of Diameter Two},
	journal = {Proc. of the 49\textsuperscript{th} IEEE CISS},
	author = {Gushchin, A. and Mallada, E. and Tang, A.},
	year = {2015}
}

@article{Ha11,
	title = {A fast-slow dynamical systems theory for the Kuramoto type phase model},
	author = {Ha, S.-Y. and Slemrod, M.},
	journal = {J. Differ. Equ.},
	volume = {251},
	number = {10},
	year = {2011},
	pages = {2685--2695},
	doi = {10.1016/j.jde.2011.04.004}
}

@article{Ha12,
	title = {On the Basin of Attractors for the Unidirectionally Coupled {Kuramoto} Model in a Ring},
	volume = {72},
	doi = {10.1137/110829416},
	pages = {1549--1574},
	number = {5},
	journal = {{SIAM} J. Appl. Math.},
	author = {Ha, Seung-Yeal and Kang, Moon-Jin},
	year = {2012}
}

@article{Ha14,
	author = {Ha, S.-Y. and Li, Z.},
	journal = {Commun. Math. Sci.},
	volume = {12},
	pages = {485--508},
	year = {2014},
	doi = {10.4310/CMS.2014.v12.n3.a5},
	number = {3},
	title = {Complete synchronization of {Kuramoto} oscillators with hierarchical leadership}
}

@article{Han17,
	title = {Fitting power-laws in empirical data with estimators that work for all exponents},
	volume = {12},
	doi = {10.1371/journal.pone.0170920},
	number = {2},
	journal = {PLOS ONE},
	author = {Hanel, R. and Corominas-Murtra, B. and Liu, B. and Thurner, S.},
	editor = {Altmann, Eduardo G.},
	year = {2017},
	pages = {e0170920}
}

@article{Hei15,
	volume = {109},
	journal = {Biol. Cybern.},
	author = {Heitmann, S. and Ermentrout, G. B.},
	year = {2015},
	pages = {333}
}



@article{Hem93,
	volume = {72},
	number = {1-2},
	journal = {J. Stat. Phys.},
	author = {van Hemmen, J. L. and Wreszinski, W. F.},
	year = {1993},
	pages = {145},
	doi = {10.1007/BF01048044},
	title = {Lyapunov function for the {Kuramoto} model of nonlinearly coupled oscillators}
}


@article{Hin18,
	title = {Rare slips in fluctuating synchronized oscillator networks},
	volume = {28},
	doi = {10.1063/1.5041377},
	number = {7},
	journal = {Chaos},
	author = {Hindes, J. and Schwartz, I. B.},
	year = {2018},
	pages = {071106}
}

@article{Hon11,
	title = {Kuramoto model of coupled oscillators with positive and negative coupling parameters: An example of conformist and contrarian oscillators},
	volume = {106},
	shorttitle = {Kuramoto {Model} of {Coupled} {Oscillators} with {Positive} and {Negative} {Coupling} {Parameters}},
	doi = {10.1103/PhysRevLett.106.054102},
	number = {5},
	journal = {Phys. Rev. Lett.},
	author = {Hong, H. and Strogatz, S. H.},
	year = {2011}
}

@article{Ivi17,
	title = {Ergodicity-Based Cooperatice Multiagent Area Coverage via a Potential Field},
	author = {Ivi\'c, S. and Crnkovi\'c, B. and Mezi\'c, I.},
	journal = {{IEEE} Trans. Cybern.},
	year = {2017},
	pages = {1983},
	volume = {47},
	number = {8}
}

@article{Jad04,
	title = {On the stability of the Kuramoto model of coupled nonlinear oscillators},
	pages = {4296--4301},
	journal = {Proc. of the 2004 IEEE ACC},
	author = {Jadbabaie, Ali and Motee, Nader and Barahona, Mauricio},
	year = {2004}
}



@article{Jaf17,
	journal = {{arXiv}:1711.03711},
	author = {Jafarpour, S. and Bullo, F.},
	year = {2017}
}


@article{Jan03,
	title = {Loop flows in a ring {AC} power system },
	journal = {Int. J. Elect. Power Energy Syst. },
	volume = {25},
	number = {8},
	pages = {591 - 597},
	year = {2003},
	author = {Janssens, N. and Kamagate, A.},
	doi = {10.1016/S0142-0615(03)00017-6}
}

@article{Jos62,
	volume = {1},
	journal = {Phys. Lett.},
	author = {Josephson, B. D.},
	year = {1962},
	pages = {251}
}


@article{Kil08,
	title = {Explicit formula for the inverse of a tridiagonal matrix by backward continued fractions},
	volume = {197},
	issn = {00963003},
	url = {http://linkinghub.elsevier.com/retrieve/pii/S0096300307007825},
	doi = {10.1016/j.amc.2007.07.046},
	language = {en},
	number = {1},
	journal = {Applied Mathematics and Computation},
	author = {Kılıç, E.},
	month = mar,
	year = {2008},
	pages = {345--357},
}

@article{Kle93,
	title = {Resistance distance},
	volume = {12},
	url = {http://link.springer.com/article/10.1007/BF01164627},
	number = {1},
	journal = {Journal of Mathematical Chemistry},
	author = {Klein, D. J. and Randić, M.},
	year = {1993},
	pages = {81--95},
}


@article{Kli15,
	title = {Stability threshold approach for complex dynamical systems},
	volume = {18},
	issn = {1367-2630},
	url = {http://stacks.iop.org/1367-2630/18/i=1/a=013004?key=crossref.e9f5a243cd8b9c5faf4c7853afcc533a},
	doi = {10.1088/1367-2630/18/1/013004},
	pages = {013004},
	number = {1},
	journal = {New Journal of Physics},
	author = {Klinshov, Vladimir V and Nekorkin, Vladimir I and Kurths, Jürgen},
	year = {2015}
}

@article{Klo91,
	title = {Physical aspects of the nonuniqueness of load flow solutions },
	journal = {Int. J. Elect. Power Energy Syst.},
	volume = {13},
	number = {5},
	pages = {268 - 276},
	year = {1991},
	doi = {http://dx.doi.org/10.1016/0142-0615(91)90050-6},
	author = {Klos, A. and Wojcicka, J.}
}

@article{Kor72,
	title = {On the question of uniqueness of stable load-flow solutions},
	url = {http://ieeexplore.ieee.org/xpls/abs_all.jsp?arnumber=4074824},
	abstract = {Practical experience with load-flow solutions has indicated that stable solutions are probably unique, given sufficient data about a network to determine a solution from the standpoint of dimensionality, i.e., having as many equations as variables for the remaining unknowns. A counterexample is given here for which two stable solutions exist, and an approach towards the analysis of uniqueness is presented that adds some insight into the nature of laod-flow solutions in general.},
	number = {3},
	journal = {IEEE Trans. Power App. Syst.},
	author = {Korsak, A. J.},
	year = {1972},
	pages = {1093--1100},
	volume = {PAS-91},
	doi = {10.1109/TPAS.1972.293463}
}

@article{Kra00,
    title = {Connectivity of Growing Random Networks},
    journal = {Phys. Rev. Lett.},
    volume = {85},
    number = {21},
    pages  = {4629--4632},
    author = {Krapivsky, P. L. and Redner, S. and Leyvraz, F.},
    year = {2000},
    doi = {10.1103/PhysRevLett.85.4629}
}

@article{Kur84,
	title = {Cooperative dynamics of oscillator community a study based on lattice of rings},
	volume = {79},
	number = {},
	pages = {223--240},
	journal = {Prog. Theor. Phys. Suppl.},
	author = {Kuramoto, Yoshiki},
	year = {1984},
	doi = {10.1143/PTPS.79.223}
}


@article{Leh09,
	title = {Synchronization phenomena in human epileptic brain networks},
	volume = {183},
	doi = {10.1016/j.jneumeth.2009.05.015},
	number = {1},
	journal = {J. Neurosci. Methods},
	author = {Lehnertz, K. and Bialonski, S. and Horstmann, M.-T. and Krug, D. and Rothkegel, A. and Staniek, M. and Wagner, T.},
	year = {2009},
	pages = {42--48}
}

@article{Leh10,
	author = {Lehmann, J. and Bernasconi, J.},
	journal = {Phys. Rev. E},
	volume = {81},
	pages = {031129},
	year = {2010}
}

@article{Ler03,
	volume = {9},
	journal = {The Industrial Physicist},
	author = {Lerner, E. J.},
	year = {2003},
	pages = {8}
}

@article{Liu97,
	title = {Cellular construction of a circadian clock: period determination in the suprachiasmatic nuclei},
	volume = {91},
	number = {6},
	journal = {Cell},
	author = {Liu, C. and Weaver, D. R. and Strogatz, S. H. and Reppert, S. M.},
	year = {1997},
	pages = {855--860}
}

@article{Lu16,
	title = {Resynchronization of circadian oscillators and the east-west asymmetry of jet-lag},
	volume = {26},
	doi = {10.1063/1.4954275},
	number = {9},
	journal = {Chaos},
	author = {Lu, Z. and Klein-Carde\~na, K. and Lee, S. and Antonsen, T. M. and Girvan, M. and Ott, E.},
	year = {2016},
	pages = {094811}
}


@article{Lya92b, 
	author = {Lyapunov, A. M.},
	title = {The general problem of the stability of motion},
	journal = {Int. J. Control},
	volume = {55},
	number = {3},
	pages = {531-534},
	year = {1992},
	doi = {10.1080/00207179208934253}
}

@article{Mal13,
	title = {Synchronization of weakly coupled oscillators: coupling, delay and topology},
	volume = {46},
	doi = {10.1088/1751-8113/46/50/505101},
	number = {50},
	journal = {J. Phys. A},
	author = {Mallada, E. and Tang, A.},
	year = {2013},
	pages = {505101}
}


@article{Man14,
	year={2014},
	journal={Eur. Phys. J.},
	volume={223},
	number={12},
	doi={10.1140/epjst/e2014-02274-y},
	title={Supply networks: Instabilities without overload},
	author={Manik, D. and Witthaut, D. and Sch\"{a}fer, B. and Matthiae, M. and Sorge, A. and Rohden, M. and Katifori, E. and Timme, M.},
	pages={2527-2547},
}



@article{Man17,
	title = {Cycle flows and multistability in oscillatory networks},
	journal = {Chaos},
	volume = {27},
	pages = {083123},
	doi = {10.1063/1.4994177},
	author = {Manik, D. and Timme, M. and Witthaut, D.},
	year = {2017},
	number = {8}
}


@article{Mas07,
	title = {Graph theory and networks in biology},
	volume = {1},
	doi = {10.1049/iet-syb:20060038},
	number = {2},
	journal = {IET Syst. Biol.},
	author = {Mason, O. and Verwoerd, M.},
	year = {2007},
	pages = {89--119}
}


@article{Mat02,
	volume = {89},
	number = {9},
	journal = {Phys. Rev. Lett.},
	author = {Matveev, K. A. and Larkin, A. I. and Glazman, L. I.},
	year = {2002},
	pages = {096802},
	doi = {10.1103/PhysRevLett.89.096802}
}


@article{Mau16,
	title = {Global Stability Analysis Using the Eigenfunctions of the Koopman Operator},
	author = {Mauroy, A. and Mezi\'c, I.},
	journal = {{IEEE} Trans. Autom. Control},
	year = {2016},
	volume = {61},
	number = {11},
	pages = {3356}
}


@article{Meh15,
	title = {Algebraic geometrization of the {Kuramoto} model: {Equilibria} and stability analysis},
	volume = {25},
	doi = {10.1063/1.4919696},
	number = {5},
	journal = {Chaos},
	author = {Mehta, D. and Daleo, N. S. and D\"orfler, F. and Hauenstein, J. D.},
	year = {2015},
	pages = {053103}
}

@article{Meh16,
	volume = {10},
	journal = {IET Gen. Trans. \& Dist.},
	author = {Mehta, D. and Nguyen, H. and Turistyn, K.},
	year = {2016}
}

@article{Men14,
	volume = {5},
	number = {},
	journal = {Nat. Commun.},
	author = {Menck, P. J. and Heitzig, J. and Kurths, J. and Schellnhuber, H. J. },
	year = {2014},
	pages = {3969},
	doi = {10.1038/ncomms4969}
}

@article{Men13,
	volume = {9},
	number = {},
	journal = {Nat. Phys.},
	author = {Menck, P. J. and Heitzig, J. and Marwan, N. and Kurths, J.},
	year = {2013},
	pages = {89},
	doi = {10.1038/nphys2516}
}

@article{Mir05,
	volume = {205},
	journal = {Physica D},
	author = {Mirollo, R. E. and Strogatz, S. H.},
	year = {2005},
	pages = {249},
	doi = {10.1016/j.physd.2005.01.017},
	number = {1}
}

@article{Mis95,
	volume = {347},
	doi = {10.1090/S0002-9947-1995-1290727-7},
	journal = {Trans. Amer. Math. Soc.},
	year = {1995},
	author = {Mischaikow, K. and Smith, H. and Thieme, H. R.},
	title = {Asymptotically autonomous semiflows: Chain recurrence and {Lyapunov} functions}
}

@article{Mon05,
	author = {Monz\'on, P. and Paganini, F.},
	journal = {Proc. of the 44\textsuperscript{th} IEEE CDC}, 
	title={Global considerations on the Kuramoto model of sinusoidally coupled oscillators},
	year={2005},
	doi={10.1109/CDC.2005.1582774}
}


@article{Mot13,
	title = {Spontaneous synchrony in power-grid networks},
	volume = {9},
	doi = {10.1038/nphys2535},
	number = {3},
	journal = {Nature Physics},
	author = {Motter, A. E. and Myers, S. A. and Anghel, M. and Nishikawa, T.},
	month = feb,
	year = {2013},
	pages = {191--197}
}

@article{Naj16,
	title = {A fast sampling method for estimating the domain of attraction},
	volume = {86},
	doi = {10.1007/s11071-016-2926-7},
	pages = {823--834},
	number = {2},
	journal = {Nonlinear Dyn.},
	author = {Najafi, Esmaeil and Babuška, Robert and Lopes, Gabriel A. D.},
	year = {2016}
}

@article{Och10,
	volume = {3},
	number = {2},
	journal = {Acta Phys. Pol. B [Proc. Suppl.]},
	author = {Ochab, J. and G\'ora, P. F.},
	year = {2010},
	pages = {453},
	doi = {}
}

@article{Ons49,
	volume = {6},
	number = {2},
	journal = {Nuovo Cimento},
	author = {Onsager, L.},
	year = {1949},
	pages = {279-287}
}

@article{Ott16,
	title = {Comparing the locking threshold for rings and chains of oscillators},
	author = {Ottino-L\"offler, B. and Strogatz, S. H.},
	journal = {Phys. Rev. E},
	volume = {94},
	pages = {062203},
	year = {2016},
	doi = {10.1103/PhysRevE.94.062203},
	number = {6}
}

@article{Pah14,
	author = {Pahwa, S. and Scoglio, C. and Scala, A.},
	journal = {Sci. Rep.},
	volume = {4},
	pages = {3694},
	year = {2014}
}


@article{Pal07,
	title = {Oscillator models and collective motion},
	volume = {27},
	number = {4},
	journal = {IEEE Control Syst. Mag.},
	author = {Paley, D. A. and Leonard, N. E. and Sepulchre, R. and Grunbaum, D. and Parrish, J. K.},
	year = {2007},
	pages = {89--105},
	doi = {10.1109/MCS.2007.384123}
}

@article{Par90,
	title = {Neuronal basis of the parkinsonian resting tremor: a hypothesis and its implications for treatment},
	volume = {35},
	number = {2},
	journal = {Neuroscience},
	author = {Pare, D. and Curro'Dossi, R. and Steriade, M.},
	year = {1990},
	pages = {217--226}
}

@article{Pat10,
	author = {Patterson, S. and Bamieh, B.},
	journal = {Proc. of the 49\textsuperscript{th} IEEE CDC},
	year = {2010},
	title = {Leader Selection for Optimal Network Coherence}
}

@article{Pec98,
	volume = {80},
	journal = {Phys. Rev. Lett.},
	author = {Pecora, L. M. and Carroll, T. L.},
	year = {1998},
	pages = {2109},
	doi = {10.1103/PhysRevLett.80.2109}
}


@article{Poo17,
	title = {Optimal {Placement} of {Virtual} {Inertia} in {Power} {Grids}},
	volume = {62},
	doi = {10.1109/TAC.2017.2703302},
	number = {12},
	journal = {IEEE Trans. Autom. Control},
	author = {Poolla, B. K. and Bolognani, S. and D\"orfler, F.},
	year = {2017},
	pages = {6209--6220},
	doi = {10.1109/TAC.2017.2703302}
}

@article{Pot09,
	title = {Local implications of almost global stability},
	volume = {24},
	doi = {10.1080/14689360802474657},
	number = {1},
	journal = {Dynam. Syst.},
	author = {Potrie, R. and Monz\'{o}n, P.},
	year = {2009},
	pages = {109--115}
}

@article{Ras13,
	volume = {87},
	number = {17},
	journal = {Phys. Rev. B},
	author = {Rastelli, G. and Pop, I. M. and Hekking, F. W. J.},
	year = {2013},
	pages = {174513},
	doi = {10.1103/PhysRevB.87.174513}
}


@article{Res05,
	title = {Onset of synchronization in large networks of coupled oscillators},
	volume = {71},
	number = {3},
	journal = {Phys. Rev. E},
	author = {Restrepo, J. G. and Ott, E. and Hunt, B. R.},
	year = {2005},
	pages = {036151},
	doi = {10.1103/PhysRevE.71.036151}
}

@article{Rog04,
	title = {Stability of phase locking in a ring of unidirectionally coupled oscillators},
	volume = {37},
	number = {46},
	journal = {J. Phys. A},
	author = {Rogge, J. A. and Aeyels, D.},
	year = {2004},
	pages = {11135--11148},
	doi = {10.1088/0305-4470/37/46/004}
}

@article{Roh12,
	author = {Rohden, M. and Sorge, A. and Timme, M. and Witthaut, D.},
	journal = {Phys. Rev. Lett.},
	volume = {109},
	pages = {064101},
	year = {2012}
}


@article{Roy12,
	title = {Synchronized oscillations on a {Kuramoto} ring and their entrainment under periodic driving},
	volume = {45},
	issn = {09600779},
	url = {http://linkinghub.elsevier.com/retrieve/pii/S0960077912000768},
	doi = {10.1016/j.chaos.2012.03.004},
	language = {en},
	number = {6},
	journal = {Chaos Solitons Fractals},
	author = {Roy, T. K. and Lahiri, A.},
	month = jun,
	year = {2012},
	pages = {888--898},
}



@article{Sak86,
	title = {A soluble active rotater model showing phase transitions via mutual entertainment},
	volume = {76},
	number = {3},
	journal = {Prog. Theor. Phys.},
	author = {Sakaguchi, H. and Kuramoto, Y.},
	year = {1986},
	pages = {576--581}
}

@article{Sca07,
	author = {Scardovi, L. and Sarlette, A. and Sepulchre, R.},
	journal = {Syst. Control Lett.}, 
	title={Synchronization and balancing on the N-torus},
	year={2007},
	doi={10.1016/j.sysconle.2006.10.020},
	volume = {56},
	number = {5}
}


@article{Sch14,
	title = {Self-organized synchronization and voltage stability in networks of synchronous machines},
	volume = {223},
	number = {12},
	journal = {Eur. Phys. J. Spec. Top.},
	author = {Schmietendorf, K. and Peinke, J. and Friedrich, R. and Kamps, O.},
	year = {2014},
	pages = {2577--2592}
}


@article{Sch16,
	title = {Graph partitions and cluster synchronization in networks of oscillators},
	volume = {26},
	doi = {10.1063/1.4961065},
	number = {9},
	journal = {Chaos},
	author = {Schaub, M. T. and O'Clery, N. and Billeh, Y. N. and Delvenne, J.-C. and Lambiotte, R. and Barahona, M.},
	year = {2016},
	pages = {094821}
}

@article{Sch17,
	title = {Potentials and limits to basin stability estimation},
	volume = {19},
	doi = {10.1088/1367-2630/aa5a7b},
	pages = {023005},
	number = {2},
	journal = {New J. Phys.},
	author = {Schultz, Paul and Menck, Peter J and Heitzig, Jobst and Kurths, Jürgen},
	year = {2017}
}

@article {Sek18,
	author = {Sekara, V. and Deville, P. and Ahnert, S. E. and Barab{\'a}si, A.-L. and Sinatra, R. and Lehmann, S.},
	title = {The chaperone effect in scientific publishing},
	volume = {115},
	number = {50},
	pages = {12603--12607},
	year = {2018},
	doi = {10.1073/pnas.1800471115},
	publisher = {National Academy of Sciences},
	journal = {PNAS}
}

@article{Sep07,
	author = {Sepulchre, R. and Paley, D. A. and Leonard, N. E.},
	journal = {{IEEE} Trans. Autom. Control}, 
	title={Stabilization of Planar Collective Motion: All-to-All Communication},
	year={2007},
	doi={10.1109/TAC.2007.898077},
	volume = {52},
	number = {5}
}


@article{Sep08,
	title = {Stabilization of planar collective motion with limited communication},
	volume = {53},
	doi = {10.1109/TAC.2008.919857},
	number = {3},
	journal = {{IEEE} Trans. Autom. Control},
	author = {Sepulchre, R. and Paley, D. A. and Leonard, N. E.},
	year = {2008},
	pages = {706--719}
}

@article{Ska15a,
	title = {Frequency assortativity can induce chaos in oscillator networks},
	author = {Skardal, P. S. and Restrepo, J. G. and Ott, E.},
	journal = {Phys. Rev. E},
	volume = {91},
	pages = {060902},
	year = {2015},
	doi = {10.1103/PhysRevE.91.060902},
	number = {6}
}


@article{Ska16a,
	title = {Optimal synchronization of directed complex networks},
	volume = {26},
	doi = {10.1063/1.4954221},
	number = {9},
	journal = {Chaos},
	author = {Skardal, P. S. and Taylor, D. and Sun, J.},
	year = {2016},
	pages = {094807}
}

@article{Ska16b,
	title = {Collective frequency variation in network synchronization and reverse {PageRank}},
	volume = {93},
	doi = {10.1103/PhysRevE.93.042314},
	number = {4},
	journal = {Phys. Rev. E},
	author = {Skardal, P. S. and Taylor, D. and Sun, J. and Arenas, A.},
	year = {2016}
}

@article{Sim08,
	title = {Distributed synchronization in wireless networks},
	author = {Simeone, O. and Spagnolini, U. and Bar-Ness, Y. and Strogatz, S. H.},
	journal = {{IEEE} Signal Process. Mag.},
	volume = {25},
	number = {5},
	year = {2008},
	pages = {81--97}
}


@article{Sim12,
	title = {Droop-{Controlled} {Inverters} are {Kuramoto} {Oscillators}*},
	volume = {45},
	doi = {10.3182/20120914-2-US-4030.00055},
	number = {26},
	journal = {IFAC Proc. Vol.},
	author = {Simpson-Porco, J. W. and D\"orfler, F. and Bullo, F.},
	year = {2012},
	pages = {264--269}
}

@article{Som90,
	title = {Global processing of visual stimuli in a neural network of coupled oscillators},
	volume = {87},
	issn = {0027-8424},
	pages = {7200--7204},
	number = {18},
	journal = {Proceedings of the National Academy of Sciences of the United States of America},
	shortjournal = {Proc. Natl. Acad. Sci. U.S.A.},
	author = {Sompolinsky, H. and Golomb, D. and Kleinfeld, D.},
	year = {1990},
	pmid = {2402502},
	pmcid = {PMC54711}
}



@article{Som91,
	title = {Cooperative dynamics in visual processing},
	volume = {43},
	url = {https://journals.aps.org/pra/abstract/10.1103/PhysRevA.43.6990},
	pages = {6990},
	number = {12},
	journal = {Phys. Rev. A},
	author = {Sompolinsky, Haim and Golomb, David and Kleinfeld, David},
	year = {1991},
	doi  = {10.1103/PhysRevA.43.6990}
}

@article{Str00,
	volume = {143},
	journal = {Physica D},
	author = {Strogatz, S. H.},
	year = {2000},
	pages = {1--20},
	doi = {10.1016/S0167-2789(00)00094-4},
	number = {1}, 
	title = {From {Kuramoto} to {Crawford}: exploring the onset of synchronization in populations of coupled oscillators}
}

@article{Tam83,
	author={Tamura, Y. and Mori, H. and Iwamoto, S.},
	journal={IEEE Trans. Power App. Syst.},
	title={Relationship Between Voltage Instability and Multiple Load FLow Solutions in Electric Power Systems},
	year={1983},
	volume={PAS-102},
	number={5},
	pages={1115-1125},
	keywords={Jacobian matrices;Load flow;Newton method;Performance analysis;Power system analysis computing;Power system dynamics;Power system stability;Power system transients;Power systems;Voltage},
	doi={10.1109/TPAS.1983.318052},
	ISSN={0018-9510},
	month={May},
}

@article{Tav72,
	title = {Stability analysis of power systems},
	url = {http://ieeexplore.ieee.org/xpls/abs_all.jsp?arnumber=4074831},
	number = {3},
	journal = {IEEE Trans. Power App. Syst.},
	volume = {PAS-91},
	author = {Tavora, C. J. and Smith, O. J. M.},
	year = {1972},
	pages = {1138--1144}
}

@article{Tay12,
	title = {There is no non-zero stable fixed point for dense networks in the homogeneous {Kuramoto} model},
	volume = {45},
	number = {5},
	journal = {J. Phys. A},
	author = {Taylor, R.},
	year = {2012},
	pages = {055102},
	doi = {10.1088/1751-8113/45/5/055102}
}


@article{Teg15,
	author = {Tegling, E. and Bamieh, B. and Gayme, D. F.},
	journal = {{IEEE} Trans. Control Net. Syst.},
	year = {2015},
	volume = {2},
	number = {3},
	doi = {10.1109/TCNS.2015.2399193},
	title = {The Price of Synchrony: Evaluating the Resistive Losses in Synchronizing Power Networks},
	pages = {254--266}
}

@article{Til11,
	title = {Multistable behavior above synchronization in a locally coupled {Kuramoto} model},
	volume = {83},
	issn = {1539-3755, 1550-2376},
	url = {http://link.aps.org/doi/10.1103/PhysRevE.83.066206},
	language = {en},
	number = {6},
	journal = {Phys. Rev. E},
	author = {Tilles, P. F. C. and Ferreira, F. F. and Cerdeira, H. A.},
	month = jun,
	year = {2011}
}

@article{Tor15,
	title = {Synchronization of Identical Oscillators Coupled Through a Symmetric Network With Dynamics:
	A Constructive Approach With Applications to Parallel Operation of Inverters},
	author = {T\^orres, L. A. B. and Hespanha, J. P. and Moehlis, J.},
	journal = {{IEEE} Trans. Autom. Control},
	volume = {60},
	number = {12},
	pages = {3226},
	year = {2015}
}


@article{Tyl18a,
	title = {Robustness of {Synchrony} in {Complex} {Networks} and {Generalized} {Kirchhoff} {Indices}},
	volume = {120},
	doi = {10.1103/PhysRevLett.120.084101},
	number = {8},
	journal = {Phys. Rev. Lett.},
	author = {Tyloo, M. and Coletta, T. and Jacquod, Ph.},
	year = {2018},
	pages = {084101}
}

@article{Tyl18b,
	author = {Tyloo, M. and Pagnier, L. and Jacquod, Ph.},
	journal = {Submitted},
	year = {2018}
}

@article{Vai12,
	author = {Vaiman, M. and Bell, K. and Chen, Y. and Chowdhury, B. and Dobson, I. and Hines, P. and Papic, M. and Miller, S. and Zhang, P.},
	journal = {IEEE Transactions Power Systems},
	volume = {27},
	pages = {631},
	year = {2012}
}


@article{Ver08,
	title = {Global Phase-Locking in Finite Populations of Phase-Coupled Oscillators},
	volume = {7},
	doi = {10.1137/070686858},
	pages = {134--160},
	number = {1},
	journal = {{SIAM} J. Appl. Dyn. Syst.},
	author = {Verwoerd, Mark and Mason, Oliver},
	year = {2008}
}


@article{Wan13,
	title = {Increasing {Sync} {Rate} of {Pulse}-{Coupled} {Oscillators} via {Phase} {Response} {Function} {Design}: {Theory} and {Application} to {Wireless} {Networks}},
	volume = {21},
	doi = {10.1109/TCST.2012.2205254},
	number = {4},
	journal = {IEEE Trans. Control Syst. Technol.},
	author = {Wang, Y. and N\'u\~nez, F. and Doyle, F. J.},
	year = {2013},
	pages = {1455--1462}
}

@article{Wie96,
	title = {Synchronization transitions in a disordered {Josephson} series array},
	volume = {76},
	doi = {10.1103/PhysRevLett.76.404},
	pages = {404},
	number = {3},
	journal = {Phys. Rev. Lett.},
	author = {Wiesenfeld, K. and Colet, P. and Strogatz, S. H.},
	year = {1996}
}

@article{Wie98,
	title = {Frequency locking in {Josephson} arrays: Connection with the {Kuramoto} model},
	volume = {57},
	doi = {10.1103/PhysRevE.57.1563},
	pages = {1563--1569},
	number = {2},
	journal = {Phys. Rev. E},
	author = {Wiesenfeld, K. and Colet, P. and Strogatz, S. H.},
	year = {1998}
}

@article{Wil06,
	title = {The size of the sync basin},
	volume = {16},
	doi = {10.1063/1.2165594},
	language = {en},
	number = {1},
	journal = {Chaos},
	author = {Wiley, D. A. and Strogatz, S. H. and Girvan, M.},
	year = {2006},
	pages = {015103},
}

@article{Wil16,
	title = {Analytical Bounds on the Critical Coupling Strength in a Population of Heterogeneous Biological Oscillators},
	author = {Wilson, D. and Moehlis, J.},
	journal = {Proc. of the 2016 IEEE ACC},
	year = {2016}
}


@article{Win67,
	volume = {16},
	number = {1},
	journal = {J. Theoret. Biol.},
	author = {Winfree, A. T.},
	year = {1967},
	pages = {15}
}


@article{Wit12,
	title = {Braess's paradox in oscillator networks, desynchronization and power outage},
	volume = {14},
	number = {8},
	journal = {New Journal of Physics},
	author = {Witthaut, D. and Timme, M.},
	year = {2012},
	pages = {083036},
}


@article{Wu17,
	title = {A study on relationship between power network structure and total transient energy},
	volume = {143},
	doi = {10.1016/j.epsr.2016.10.019},
	journal = {Electr. Pow. Syst. Res.},
	author = {Wu, D. and Ma, F. and Jiang, J. N.},
	year = {2017},
	pages = {760--770}
}

@article{Zha18,
	title = {Identical synchronization of nonidentical oscillators: when only birds of different feathers flock together},
	author = {Zhang, Y. and Motter, A. E.},
	journal = {Nonlinearity},
	volume = {31},
	number = {1},
	doi = {10.1088/1361-6544/aa8fe7},
	year = {2018},
}

@article{Zhu13,
	title = {Synchronization of {Kuramoto} model in a high-dimensional linear space},
	volume = {377},
	doi = {10.1016/j.physleta.2013.09.010},
	number = {41},
	journal = {Phys. Lett. A},
	author = {Zhu, Jiandong},
	year = {2013},
	pages = {2939--2943}
}


% ============ Books ==============================================================================================================

@book{Ber00,
	title = {Power {Systems} {Analysis}},
	author = {Bergen, A. R. and Vittal, V.},
	year = {2000},
	publisher = {Prentice Hall}
}

@book{Big93,
	title={Algebraic graph theory},
	author={Biggs, N.},
	year={1993},
	publisher={Cambridge University Press},
	edition={Second}
}

@book{Che01,
	title = {Analysis for {Applied} {Mathematics}},
	author = {Cheney, W.},
	year = {2001},
	doi = {10.1007/978-1-4757-3559-8},
	isbn = {978-1-4419-2935-8},
	publisher = {Springer},
	address = {New York}
}

@book{Gan14,
	author = {Gander, W. and Gander, M. J. and Kwok, F.},
	title = {Scientific {Computing} - {An} {Introduction} using {Maple} and {MATLAB}},
	year = {2014},
	isbn = {978-3-319-04324-1},
	doi = {10.1007/978-3-319-04325-8},
	publisher = {Springer International Publishing}
}

@book{Gil81,
	author = {Gilmore, R.},
	title = {Catastrophe {Theory} for {Scientists} and {Engineers}},
	isbn = {0471050644},
	publisher = {Wiley New York},
	year = {1981}
}

@book{Hat02,
	author = {Hatcher, A.},
	title = {Algebraic Topology},
	publisher = {Cambridge University Press},
	year = {2002}
}

@book{Hor86,
	author = {Horn, R. A. and Johnson, C. R.},
	title = {Matrix Analysis},
	year = {1986},
	isbn = {0-521-30586-1},
	publisher = {Cambridge University Press},
	address = {New York},
} 

@book{Huy83,
	title = {Oeuvres compl\`etes de {Christiaan} {Huygens}},
	publisher = {Soci\'et\'e hollandaise des sciences, La Haye},
	author = {Huygens, Christiaan,},
	year = {1983},
	editor = {Nijhoff, M.}
}

@book{Kha02,
	title = {Nonlinear systems},
	author = {Khalil, H. K.},
	publisher = {Prentice Hall},
	edition = {3rd},
	year = {2002}
}

@book{Kha91,
	title = {Stability of Critical Equilibrium States},
	author = {Khazin, L. G. and Shnol, E. E.},
	publisher = {Manchester University Press},
	year = {1991}
}

@book{Kur84b,
	series = {Springer {Series} in {Synergetics}},
	title = {Chemical {Oscillations}, {Waves} and {Turbulence}},
	volume = {19},
	isbn = {978-3-642-69691-6},
	publisher = {Springer Berlin Heidelberg},
	author = {Kuramoto, Y.},
	year = {1984}
}

@book{Las61,
	title={Stability by {Liapunov}'s Direct Method: With Applications},
	author={LaSalle, J. P. and Lefschetz, S.},
	series={Mathematics in science and engineering},
	volume = {4},
	year={1961},
	publisher={Academic Press}
}

@book{Mac08,
	address = {Chichester, U.K},
	edition = {2nd},
	title = {Power system dynamics},
	isbn = {978-0-470-72558-0},
	publisher = {Wiley},
	author = {Machowski, J. and Bialek, J. W. and Bumby, J. R.},
	year = {2008}
}


@book{Mez87,
	title = {Spin Glass Theory and Beyond},
	author = {M\'ezard, M. and Parisi, G and Virasoro, M. A.},
	year = {1987},
	publisher = {World Scientific Publishing Co. Pte. Ltd.}
}

@book{Mil63,
	title = {Morse Theory},
	author = {Milnor, J. W.},
	year = {1963},
	publisher = {Princeton University Press}
}

@book{Mil97,
	title = {Topology from the Differentiable Viewpoint},
	author = {Milnor, J. W.},
	year = {1997},
	publisher = {Princeton University Press}
}

@book{Ott02, 
	place = {Cambridge}, 
	edition = {2}, 
	title = {Chaos in Dynamical Systems}, 
	doi = {10.1017/CBO9780511803260}, 
	publisher = {Cambridge University Press}, 
	author = {Ott, Edward}, 
	year = {2002}
}

@book{Pai81,
	title={Power System Stability: Analysis by the Direct Method of Lyapunov},
	author={Pai, M.A.},
	isbn={9780444863102},
	lccn={81016802},
	year={1981},
	publisher={North-Holland Publishing Company}
}

@book{Pai89,
	title={Energy Function Analysis for Power System Stability},
	author={Pai, M. A.},
	year={1989},
	publisher={Kluwer Academic Publishers}
}

@book{Pat72, 
	place={United Kingdom},
	title={Statistical mechanics}, 
	publisher={1972}, 
	author={Pathria, R.K.}, 
	year={1972}, 
	month={Jan}
}

@book{Pat11,
	location = {Amsterdam ; Boston},
	edition = {3rd ed.},
	title = {Statistical mechanics},
	isbn = {978-0-12-382188-1},
	pagetotal = {718},
	publisher = {Elsevier},
	author = {Pathria, R. K. and Beale, Paul D.},
	year = {2011},
}


@book{Pik03,
	title = {Synchronization: a universal concept in nonlinear sciences},
	shorttitle = {Synchronization},
	publisher = {Cambridge university press},
	author = {Pikovsky, A. and Rosenblum, M. and Kurths, J.},
	year = {2003}
}


@book{Str04,
	title = {Sync: The Emerging Science of Spontaneous Order},
	author = {Strogatz, S. H.},
	isbn = {0786887214},
	series = {Penguin Press Science Series},
	year = {2004},
	publisher = {Penguin Adult}
}

@book{Tin75,
	title={Introduction to Superconductivity},
	author={Tinkham, M.},
	year={1975},
	publisher={Krieger Publishing Company}
}

@book{Whi08,
	title = {Lake Erie Loop Flow Mitigation},
	author = {Whitley, S. G.},
	year = {2008},
	publisher = {Technical Report; New York Independent System Operator}
}



====================== Others ===============================================================================================================

@phdthesis{Ska80,
  author       = {Skar, S. J.}, 
  title        = {{Stability} of {Power} {Systems} and other {Systems} of {Second} {Order} {Differential} {Equations}},
  school       = {Iowa State University},
  year         = {1980}
}

@phdthesis{Lya92,
	author = {Lyapunov, A. M.},
	title = {The general problem of the stability of motion},
	school = {University of Kharkov},
	year = {1892}
}


@inproceedings{Ati13a,
	title = {Asymptotic phase synchronization of {Kuramoto} model with weighted non-symmetric interconnections: {A} case study},
	shorttitle = {Asymptotic phase synchronization of {Kuramoto} model with weighted non-symmetric interconnections},
	booktitle = {Proc. of the 52nd {IEEE CDC}},
	author = {El Ati, A. and Panteley, E.},
	year = {2013},
	pages = {1319--1324},
	doi = { 10.1109/CDC.2013.6760065}
}

@inproceedings{Ati13b,
	title = {Synchronization of phase oscillators with attractive and repulsive interconnections},
	doi = {10.1109/MMAR.2013.6669875},
	author = {El Ati, A. and Panteley, E.},
	year = {2013},
	pages = {22--27},
	booktitle = {Proc. of the 18th IEEE MMAR}
}

@inproceedings{Bur12,
	author = {Burylko, O.},
	booktitle = {Proc. of the IEEE NDES},
	title = {Competition and Bifurcations in Phase Oscillator Networks with Positive and Negative Couplings},
	year = {2012},
	volume = {},
	number = {},
	pages = {1-4},
	doi = {}
}

@inproceedings{Kur75,
	author = {Kuramoto, Y.},
	editor = {Araki, Huzihiro},
	title = {Self-entrainment of a population of coupled non-linear oscillators},
	booktitle = {Lecture Notes in Physics, vol. 39. International Symposium on Mathematical Problems in Theoretical Physics},
	year = {1975},
	publisher = {Springer},
	address = {Berlin},
	pages = {420--422},
	isbn = {978-3-540-37509-8},
	doi = {10.1007/BFb0013365}
}

@inproceedings{Ngu14,
	author={Nguyen, H. D. and Turitsyn, K. S.},
	booktitle={IEEE PES General Meeting - Conference Exposition},
	title={Appearance of multiple stable load flow solutions under power flow reversal conditions},
	year={2014},
	doi={10.1109/PESGM.2014.6938797}
}


@techreport{BFE17,
	title = {Statistique suisse de l'\'electricit\'e 2016},
	url = {www.bfe.admin.ch},
	institution = {Swiss Federal Office of Energy},
	year = {2017}
}


@techreport{BFE07,
	title = {Perspectives énergétiques pour 2035},
	number = {1},
	institution = {Swiss Federal Office of Energy},
	year = {2007}
}

@article{WoS,
	journal = {http://apps.webofknowledge.com},
	url = {http://apps.webofknowledge.com}
}

